@online{ref:z80registers,
    title = {Z80 Registers},
    url = {https://landley.net/history/mirror/cpm/z80.html},
}

@online{ref:z80instructions,
    title = {Z80 Instructions},
    url = {https://jnz.dk/z80/instructions.html},
}

@online{ref:docker,
    title = {Docker},
    url = {https://www.docker.com/},
}